<?xml version="1.0" encoding="UTF-8"?><record xmlns="http://www.loc.gov/MARC21/slim" xmlns:cinclude="http://apache.org/cocoon/include/1.0" xmlns:zs="http://www.loc.gov/zing/srw/">
  <leader>01175cz  a2200253n  4500</leader>
  <controlfield tag="001">n  90645760 </controlfield>
  <controlfield tag="003">DLC</controlfield>
  <controlfield tag="005">20130316085719.0</controlfield>
  <controlfield tag="008">900517n| azannaab           |a aaa      </controlfield>
  <datafield tag="010" ind1=" " ind2=" ">
    <subfield code="a">n  90645760 </subfield>
  </datafield>
  <datafield tag="040" ind1=" " ind2=" ">
    <subfield code="a">DLC</subfield>
    <subfield code="b">eng</subfield>
    <subfield code="e">rda</subfield>
    <subfield code="c">DLC</subfield>
    <subfield code="d">CtY-Mus</subfield>
    <subfield code="d">DLC</subfield>
  </datafield>
  <datafield tag="046" ind1=" " ind2=" ">
    <subfield code="f">1768</subfield>
    <subfield code="g">1852</subfield>
  </datafield>
  <datafield tag="100" ind1="1" ind2=" ">
    <subfield code="a">L'Hoyer, Antoine,</subfield>
    <subfield code="d">1768-1852</subfield>
  </datafield>
  <datafield tag="400" ind1="1" ind2=" ">
    <subfield code="a">De Lhoyer, A.</subfield>
    <subfield code="q">(Antoine),</subfield>
    <subfield code="d">1768-1852</subfield>
  </datafield>
  <datafield tag="400" ind1="1" ind2=" ">
    <subfield code="a">De Lhoyer, Antoine,</subfield>
    <subfield code="d">1768-1852</subfield>
  </datafield>
  <datafield tag="400" ind1="1" ind2=" ">
    <subfield code="a">De Loyer, A.</subfield>
    <subfield code="q">(Antoine),</subfield>
    <subfield code="d">1768-1852</subfield>
  </datafield>
  <datafield tag="400" ind1="1" ind2=" ">
    <subfield code="a">Hoyer, Antoine L',</subfield>
    <subfield code="d">1768-1852</subfield>
  </datafield>
  <datafield tag="400" ind1="1" ind2=" ">
    <subfield code="a">Lhoyer, A. de</subfield>
    <subfield code="q">(Antoine),</subfield>
    <subfield code="d">1768-1852</subfield>
  </datafield>
  <datafield tag="400" ind1="1" ind2=" ">
    <subfield code="w">nnea</subfield>
    <subfield code="a">L'Hoyer, Antoine,</subfield>
    <subfield code="d">fl. 1800</subfield>
  </datafield>
  <datafield tag="400" ind1="1" ind2=" ">
    <subfield code="a">Loyer, A. de</subfield>
    <subfield code="q">(Antoine),</subfield>
    <subfield code="d">1768-1852</subfield>
  </datafield>
  <datafield tag="670" ind1=" " ind2=" ">
    <subfield code="a">His Trio concertant fuĚr 3 Gitarren Opus 29, c1989:</subfield>
    <subfield code="b">t.p. (Antoine L'Hoyer, about 1800) pref. (dates unknown; French guitarist and composer; went to Hamburg in 1800; later moved to Paris)</subfield>
  </datafield>
  <datafield tag="670" ind1=" " ind2=" ">
    <subfield code="a">His Ĺuvres pour la guitare, 1996:</subfield>
    <subfield code="b">t.p. (Antoine de Lhoyer) cover, etc. (A. de Lhoyer; A. Lhoyer; A. de Loyer)</subfield>
  </datafield>
  <datafield tag="670" ind1=" " ind2=" ">
    <subfield code="a">His Six duos concertans pour deux guitares, op. 35, p1999:</subfield>
    <subfield code="b">insert (Antoine de Lhoyer, b. Sept. 6, 1768, Clermont-Ferrand, d. Mar. 15, 1852, Paris)</subfield>
  </datafield>
  <datafield tag="675" ind1=" " ind2=" ">
    <subfield code="a">New Grove</subfield>
  </datafield>
</record>